




@article{doi:10.1021/ic50052a038,
author = {Zingales, Franco and Sartorelli, Ugo and Trovati, Aldo},
title = {Kinetic studies of Group VII metal carbonyls. III. Kinetics of the reaction of monosubstituted rhenium pentacarbony halides with different reagents},
journal = {Inorganic Chemistry},
volume = {6},
number = {6},
pages = {1246-1248},
year = {1967},
doi = {10.1021/ic50052a038},

URL = {http://pubs.acs.org/doi/abs/10.1021/ic50052a038},
eprint = {http://pubs.acs.org/doi/pdf/10.1021/ic50052a038}
}


