




@article{doi:10.1021/cr068437y,
author = {Gibson, Vernon C. and Redshaw, Carl and Solan, Gregory A.},
title = {Bis(imino)pyridines:â€‰ Surprisingly Reactive Ligands and a Gateway to New Families of Catalysts},
journal = {Chemical Reviews},
volume = {107},
number = {5},
pages = {1745-1776},
year = {2007},
doi = {10.1021/cr068437y},
note ={PMID: 17488059},

URL = {http://pubs.acs.org/doi/abs/10.1021/cr068437y},
eprint = {http://pubs.acs.org/doi/pdf/10.1021/cr068437y}
}


