




@article{doi:10.1021/ic00099a011,
author = {Fujita, Etsuko and Haff, Janet and Sanzenbacher, Ralf and Elias, Horst},
title = {High Electrocatalytic Activity of RRSS-[NiIIHTIM](ClO4)2 and [NiIIDMC](ClO4)2 for Carbon Dioxide Reduction (HTIM = 2,3,9,10-Tetramethyl-1,4,8,11-tetraazacyclotetradecane, DMC = C-meso-5,12-Dimethyl-1,4,8,11-tetraazacyclotetradecane)},
journal = {Inorganic Chemistry},
volume = {33},
number = {21},
pages = {4627-4628},
year = {1994},
doi = {10.1021/ic00099a011},

URL = {http://pubs.acs.org/doi/abs/10.1021/ic00099a011},
eprint = {http://pubs.acs.org/doi/pdf/10.1021/ic00099a011}
}


