




@article{doi:10.1021/ja00213a014,
author = {Schrock, Richard R. and DePue, R. T. and Feldman, J. and Schaverien, C. J. and Dewan, J. C. and Liu, A. H.},
title = {Preparation and reactivity of several alkylidene complexes of the type W(CHR')(N-2,6-C6H3-iso-Pr2)(OR)2 and related tungstacyclobutane complexes. Controlling metathesis activity through the choice of alkoxide ligand},
journal = {Journal of the American Chemical Society},
volume = {110},
number = {5},
pages = {1423-1435},
year = {1988},
doi = {10.1021/ja00213a014},

URL = { 
        http://dx.doi.org/10.1021/ja00213a014
    
},
eprint = { 
        http://dx.doi.org/10.1021/ja00213a014
    
}

}


