




@article{doi:10.1021/ja982284h,
author = {Gibson, Dorothy H. and Yin, Xiaolong},
title = {Synthesis and Reactions of fac-Re(dmbpy)(CO)3X (dmbpy = 4,4‘-dimethyl-2,2‘-bipyridyl; X = COOH, COOMe, H, OH, and OCHO)},
journal = {Journal of the American Chemical Society},
volume = {120},
number = {43},
pages = {11200-11201},
year = {1998},
doi = {10.1021/ja982284h},

URL = {http://pubs.acs.org/doi/abs/10.1021/ja982284h},
eprint = {http://pubs.acs.org/doi/pdf/10.1021/ja982284h}
}


