@article{Calzaferri1992259,
title = "Photoreduction and electroreduction of carbon dioxide by a novel rhenium(I) p-phenyl-terpyridine carbonyl complex ",
journal = "Journal of Photochemistry and Photobiology A: Chemistry ",
volume = "64",
number = "2",
pages = "259 - 262",
year = "1992",
note = "",
issn = "1010-6030",
doi = "http://dx.doi.org/10.1016/1010-6030(92)85113-9",
url = "http://www.sciencedirect.com/science/article/pii/1010603092851139",
author = "Gion Calzaferri and Konrad HÃ¤dener and Jianwei Li"
}

