@article {ANIE:ANIE1488,
author = {Bolm, Carsten and Kesselgruber, Martin and Hermanns, Nina and Hildebrand, Jens P. and Raabe, Gerhard},
title = {Application of a Planar Chiral η5-Cyclopentadienylrhenium(I)tricarbonyl Complex in Asymmetric Catalysis: Highly Enantioselective Phenyl Transfer to Aldehydes},
journal = {Angewandte Chemie International Edition},
volume = {40},
number = {8},
publisher = {WILEY-VCH Verlag GmbH},
issn = {1521-3773},
url = {http://dx.doi.org/10.1002/1521-3773(20010417)40:8<1488::AID-ANIE1488>3.0.CO;2-B},
doi = {10.1002/1521-3773(20010417)40:8<1488::AID-ANIE1488>3.0.CO;2-B},
pages = {1488--1490},
keywords = {asymmetric catalysis, diarylmethanols, rhenium, zinc},
year = {2001},
}
