@Article{A902453K,
author ="H. Gibson, Dorothy and Yin, Xiaolong",
title  ="Transformations of fac-Re(dmbpy)(CO)3(CO2H) in the presence of carbon dioxide (dmbpy=4{,}4[prime or minute]-dimethyl-2{,}2[prime or minute]-bipyridine)",
journal  ="Chem. Commun.",
year  ="1999",
issue  ="15",
pages  ="1411-1412",
publisher  ="The Royal Society of Chemistry",
doi  ="10.1039/A902453K",
url  ="http://dx.doi.org/10.1039/A902453K",
abstract  ="Reactions of Re(dmbpy)(CO)(COH) 1 or -Re(dmbpy)(CO)(CO)Re(dmbpy)(CO) 2 with CO{,} in DMSO or DMF containing small amounts of water{,} lead to the bicarbonato complex{,} -Re(dmbpy)(CO)[OC(O)OH] 4; the formato complex{,} -Re(dmbpy)(CO)(OCHO) 5{,} is not a major product in any of these reactions."}
