




@article{doi:10.1021/ja00102a022,
author = {Adams, Richard D. and Falloon, Stephen B.},
title = {The Catalytic Cyclooligomerization of Thietane by Trirhenium Cluster Complexes. A New Route to Polythiaether Macrocycles},
journal = {Journal of the American Chemical Society},
volume = {116},
number = {23},
pages = {10540-10547},
year = {1994},
doi = {10.1021/ja00102a022},

URL = {http://pubs.acs.org/doi/abs/10.1021/ja00102a022},
eprint = {http://pubs.acs.org/doi/pdf/10.1021/ja00102a022}
}


