@article{Black201216,
title = "Preparation and characterization of rhenium(I) dicarbonyl complexes based on the meridionally-coordinated terpyridine ligand ",
journal = "Inorganic Chemistry Communications ",
volume = "24",
number = "0",
pages = "16 - 19",
year = "2012",
note = "",
issn = "1387-7003",
doi = "http://dx.doi.org/10.1016/j.inoche.2012.07.034",
url = "http://www.sciencedirect.com/science/article/pii/S1387700312003693",
author = "Daniel R. Black and Sean E. Hightower",
keywords = "Rhenium complexes",
keywords = "Terpyridine ligand",
keywords = "Rhenium(I) dicarbonyls "
}

