@article{:/content/aip/journal/jcp/124/9/10.1063/1.2173258,
   author = "Scalmani, Giovanni and Frisch, Michael J. and Mennucci, Benedetta and Tomasi, Jacopo and Cammi, Roberto and Barone, Vincenzo",
   title = "Geometries and properties of excited states in the gas phase and in solution: Theory and application of a time-dependent density functional theory polarizable continuum model",
   journal = "The Journal of Chemical Physics",
   year = "2006",
   volume = "124",
   number = "9", 
   eid = 094107,
   pages = "-",
   url = "http://scitation.aip.org/content/aip/journal/jcp/124/9/10.1063/1.2173258",
   doi = "http://dx.doi.org/10.1063/1.2173258" 
}

