




@article{doi:10.1021/om00144a033,
author = {Ishida, Hitoshi. and Tanaka, Koji. and Tanaka, Toshio.},
title = {Electrochemical CO2 reduction catalyzed by ruthenium complexes [Ru(bpy)2(CO)2]2+ and [Ru(bpy)2(CO)Cl]+. Effect of pH on the formation of CO and HCOO-},
journal = {Organometallics},
volume = {6},
number = {1},
pages = {181-186},
year = {1987},
doi = {10.1021/om00144a033},

URL = {http://pubs.acs.org/doi/abs/10.1021/om00144a033},
eprint = {http://pubs.acs.org/doi/pdf/10.1021/om00144a033}
}


