@article{Deglmann2004103,
title = "Nuclear second analytical derivative calculations using auxiliary basis set expansions ",
journal = "Chemical Physics Letters ",
volume = "384",
number = "1â€“3",
pages = "103 - 107",
year = "2004",
note = "",
issn = "0009-2614",
doi = "http://dx.doi.org/10.1016/j.cplett.2003.11.080",
url = "http://www.sciencedirect.com/science/article/pii/S0009261403020797",
author = "Peter Deglmann and Klaus May and Filipp Furche and Reinhart Ahlrichs"
}

