




@article{doi:10.1021/om00138a035,
author = {Sullivan, B. Patrick. and Meyer, Thomas J.},
title = {Kinetics and mechanism of carbon dioxide insertion into a metal-hydride bond. A large solvent effect and an inverse kinetic isotope effect},
journal = {Organometallics},
volume = {5},
number = {7},
pages = {1500-1502},
year = {1986},
doi = {10.1021/om00138a035},

URL = {http://pubs.acs.org/doi/abs/10.1021/om00138a035},
eprint = {http://pubs.acs.org/doi/pdf/10.1021/om00138a035}
}


