




@article{doi:10.1021/ic00047a023,
author = {Lin, Rongguang and Fu, Yigang and Brock, Carolyn P. and Guarr, Thomas F.},
title = {Structural, spectroscopic, and electrochemical investigation of luminescent bimetallic complexes of rhenium(I)},
journal = {Inorganic Chemistry},
volume = {31},
number = {21},
pages = {4346-4353},
year = {1992},
doi = {10.1021/ic00047a023},

URL = {http://pubs.acs.org/doi/abs/10.1021/ic00047a023},
eprint = {http://pubs.acs.org/doi/pdf/10.1021/ic00047a023}
}


