




@article{doi:10.1021/ic00093a009,
author = {Gamelin, Daniel R. and George, Michael W. and Glyn, Paul and Grevels, Friedrich-Wilhelm and Johnson, Frank P. A. and Klotzbuecher, Werner and Morrison, Sara L. and Russell, Graham and Schaffner, Kurt and Turner, James J.},
title = {Structural Investigation of the Ground and Excited States of ClRe(CO)3(4,4'-bipyridyl)2 using Vibrational Spectroscopy},
journal = {Inorganic Chemistry},
volume = {33},
number = {15},
pages = {3246-3250},
year = {1994},
doi = {10.1021/ic00093a009},

URL = {http://pubs.acs.org/doi/abs/10.1021/ic00093a009},
eprint = {http://pubs.acs.org/doi/pdf/10.1021/ic00093a009}
}


