
@article{cite-key,
	Author = {Eichkorn, Karin and Weigend, Florian and Treutler, Oliver and Ahlrichs, Reinhart},
	Booktitle = {Theoretical Chemistry Accounts},
	Da = {1997/10/01},
	Date-Added = {2014-04-29 23:49:38 +0000},
	Date-Modified = {2014-04-29 23:49:38 +0000},
	Isbn = {1432-881X},
	J2 = {Theor Chem Acta},
	Keywords = {Key words; RI density functional theory; Fitting basis sets; Auxiliary basis sets},
	La = {English},
	Number = {1-4},
	Pages = {119--124},
	Publisher = {Springer-Verlag},
	Title = {Auxiliary basis sets for main row atoms and transition metals and their use to approximate Coulomb potentials},
	Ty = {JOUR; JOUR},
	Url = {http://dx.doi.org/10.1007/s002140050244},
	Volume = {97},
	Year = {1997},
	Bdsk-Url-1 = {http://dx.doi.org/10.1007/s002140050244}}
