




@article{doi:10.1021/ic00346a033,
author = {Sacksteder, LouAnn and Zipp, Arden P. and Brown, Elizabeth A. and Streich, Julie and Demas, J. N. and DeGraff, B. A.},
title = {Luminescence studies of pyridine .alpha.-diimine rhenium(I) tricarbonyl complexes},
journal = {Inorganic Chemistry},
volume = {29},
number = {21},
pages = {4335-4340},
year = {1990},
doi = {10.1021/ic00346a033},

URL = {http://pubs.acs.org/doi/abs/10.1021/ic00346a033},
eprint = {http://pubs.acs.org/doi/pdf/10.1021/ic00346a033}
}


