@article{Ahlrichs1989165,
title = "Electronic structure calculations on workstation computers: The program system turbomole ",
journal = "Chemical Physics Letters ",
volume = "162",
number = "3",
pages = "165 - 169",
year = "1989",
note = "",
issn = "0009-2614",
doi = "http://dx.doi.org/10.1016/0009-2614(89)85118-8",
url = "http://www.sciencedirect.com/science/article/pii/0009261489851188",
author = "Reinhart Ahlrichs and Michael Bär and Marco Häser and Hans Horn and Christoph Kölmel"
}

