@article{Lo20102603,
title = "Design of luminescent iridium(III) and rhenium(I) polypyridine complexes as in vitro and in vivo ion, molecular and biological probes ",
journal = "Coordination Chemistry Reviews ",
volume = "254",
number = "21â€“22",
pages = "2603 - 2622",
year = "2010",
note = "18th International Symposium on the Photochemistry and Photophysics of Coordination Compounds Sapporo, 2009 ",
issn = "0010-8545",
doi = "http://dx.doi.org/10.1016/j.ccr.2010.01.014",
url = "http://www.sciencedirect.com/science/article/pii/S0010854510000172",
author = "Kenneth Kam-Wing Lo and Man-Wai Louie and Kenneth Yin Zhang",
keywords = "Iridium",
keywords = "Luminescence",
keywords = "Probes",
keywords = "Rhenium "
}

