@article{Feliz1998185,
title = "Photophysical properties of Re(CO)3L+3 (L=monoazine) complexes: Electronic delocalization effect in metal-to-ligand charge transfer excited states ",
journal = "Journal of Photochemistry and Photobiology A: Chemistry ",
volume = "117",
number = "3",
pages = "185 - 192",
year = "1998",
note = "",
issn = "1010-6030",
doi = "http://dx.doi.org/10.1016/S1010-6030(98)00323-2",
url = "http://www.sciencedirect.com/science/article/pii/S1010603098003232",
author = "M.R. Feliz and F. Rodriguez-Nieto and G. Ruiz and E. Wolcan",
keywords = "Photophysical properties",
keywords = "Electronic delocalization",
keywords = "Metal-to-ligand charge transfer (MLCT) "
}

