@article{:/content/aip/journal/jcp/100/8/10.1063/1.467146,
   author = "Sch√§fer, Ansgar and Huber, Christian and Ahlrichs, Reinhart",
   title = "Fully optimized contracted Gaussian basis sets of triple zeta valence quality for atoms Li to Kr",
   journal = "The Journal of Chemical Physics",
   year = "1994",
   volume = "100",
   number = "8", 
   pages = "5829-5835",
   url = "http://scitation.aip.org/content/aip/journal/jcp/100/8/10.1063/1.467146",
   doi = "http://dx.doi.org/10.1063/1.467146" 
}

