




@article{doi:10.1021/ja00518a054,
author = {Fredericks, Susan M. and Luong, John C. and Wrighton, Mark S.},
title = {Multiple emissions from rhenium(I) complexes: intraligand and charge-transfer emission from substituted metal carbonyl cations},
journal = {Journal of the American Chemical Society},
volume = {101},
number = {24},
pages = {7415-7417},
year = {1979},
doi = {10.1021/ja00518a054},

URL = {http://pubs.acs.org/doi/abs/10.1021/ja00518a054},
eprint = {http://pubs.acs.org/doi/pdf/10.1021/ja00518a054}
}


