@article{Striplin2001163,
title = "Photophysical investigations of rhenium(I)Cl(CO)3(phenanthroline) complexes ",
journal = "Coordination Chemistry Reviews ",
volume = "211",
number = "1",
pages = "163 - 175",
year = "2001",
note = "",
issn = "0010-8545",
doi = "http://dx.doi.org/10.1016/S0010-8545(00)00277-0",
url = "http://www.sciencedirect.com/science/article/pii/S0010854500002770",
author = "D.R Striplin and G.A Crosby",
keywords = "Rhenium(I) complexes",
keywords = "Luminescence",
keywords = "Excited states",
keywords = "Radiationless transitions",
keywords = "Barriers",
keywords = "Orbital configurations "
}

