




@article{doi:10.1021/ja00283a041,
author = {Shvo, Youval. and Czarkie, Dorotha. and Rahamim, Yocheved. and Chodosh, Daniel F.},
title = {A new group of ruthenium complexes: structure and catalysis},
journal = {Journal of the American Chemical Society},
volume = {108},
number = {23},
pages = {7400-7402},
year = {1986},
doi = {10.1021/ja00283a041},

URL = { 
        http://dx.doi.org/10.1021/ja00283a041
    
},
eprint = { 
        http://dx.doi.org/10.1021/ja00283a041
    
}

}


