@article{Ruiz1996119,
title = "Photochemical and photophysical processes in fac-Re(CO)3−(4-phenylpyridine)3(CF3SO3). Steady state and flash photolysis study ",
journal = "Journal of Photochemistry and Photobiology A: Chemistry ",
volume = "101",
number = "2–3",
pages = "119 - 125",
year = "1996",
note = "",
issn = "1010-6030",
doi = "http://dx.doi.org/10.1016/S1010-6030(96)04423-1",
url = "http://www.sciencedirect.com/science/article/pii/S1010603096044231",
author = "G. Ruiz and E. Wolcan and M.R. Féliz",
keywords = "Flash photolysis",
keywords = "Re complexes",
keywords = "Steady state photolysis "
}

