@article{Granifo199956,
title = "Synthesis and dynamic \{NMR\} studies of stereochemical non-rigidity in rhenium(I) complexes of 2,6-bis[1-(phenylimino)ethyl]pyridine derivatives ",
journal = "Inorganica Chimica Acta ",
volume = "295",
number = "1",
pages = "56 - 63",
year = "1999",
note = "",
issn = "0020-1693",
doi = "http://dx.doi.org/10.1016/S0020-1693(99)00306-0",
url = "http://www.sciencedirect.com/science/article/pii/S0020169399003060",
author = "Juan Granifo and Steven J Bird and Keith G Orrell and Anthony G Osborne and Vladimir Å ik",
keywords = "Dynamic \{NMR\}",
keywords = "Rhenium complexes",
keywords = "Pyridine complexes "
}

