@article{2000,
  title={Photocatalytic Reduction of Acetylpyridine to Pinacol Using [<I>fac</I>-Re(bpy)(CO)<SUB>3</SUB>{4-(MeCO)py}]<SUP>+</SUP> (bpy = 2,2&prime;-bipyridine, py = pyridine)},
  author={Hisao Hori and Kazuhide Koike and Koji Takeuchi and Osamu Ishitani},
  journal={Chemistry Letters},
  volume={29},
  number={4},
  pages={376-377},
  year={2000},
  doi={10.1246/cl.2000.376}
}