@article{Orrell1997171,
title = "Stereochemically non-rigid transition metal complexes of 2,6-bis[(1-phenylimino)ethyl]pyridine (BIP) Part 2. Dynamic \{NMR\} studies of fac-[ReX(CO)3(BIP)] (X = Cl, Br, or I). Crystal structure of fac-[ReBr(CO)3(BIP)] ",
journal = "Journal of Organometallic Chemistry ",
volume = "538",
number = "1–2",
pages = "171 - 183",
year = "1997",
note = "",
issn = "0022-328X",
doi = "http://dx.doi.org/10.1016/S0022-328X(96)06933-1",
url = "http://www.sciencedirect.com/science/article/pii/S0022328X96069331",
author = "Keith G. Orrell and Anthony G. Osborne and Vladimir Šik and Mateus Webba da Silva and Michael B. Hursthouse and David E. Hibbs and K.M. Abdul Malik and Nikolay G. Vassilev",
keywords = "Rhenium",
keywords = "Bis-imine ligand",
keywords = "Fluxionality",
keywords = "2D-EXSY \{NMR\} "
}

