




@article{doi:10.1021/ja9802100,
author = {Small, Brooke L. and Brookhart, Maurice and Bennett, Alison M. A.},
title = {Highly Active Iron and Cobalt Catalysts for the Polymerization of Ethylene},
journal = {Journal of the American Chemical Society},
volume = {120},
number = {16},
pages = {4049-4050},
year = {1998},
doi = {10.1021/ja9802100},

URL = {http://pubs.acs.org/doi/abs/10.1021/ja9802100},
eprint = {http://pubs.acs.org/doi/pdf/10.1021/ja9802100}
}


