




@article{doi:10.1021/ic00046a021,
author = {Shaver, Randy J. and Rillema, D. Paul},
title = {Physical and photophysical properties of rhenium(I) tetracarbonyl complexes},
journal = {Inorganic Chemistry},
volume = {31},
number = {20},
pages = {4101-4107},
year = {1992},
doi = {10.1021/ic00046a021},

URL = {http://pubs.acs.org/doi/abs/10.1021/ic00046a021},
eprint = {http://pubs.acs.org/doi/pdf/10.1021/ic00046a021}
}


