@Article{C39830000536,
author ="Hawecker, Jeannot and Lehn, Jean-Marie and Ziessel, Raymond",
title  ="Efficient photochemical reduction of CO2 to CO by visible light irradiation of systems containing Re(bipy)(CO)3X or Ru(bipy)32+-Co2+ combinations as homogeneous catalysts",
journal  ="J. Chem. Soc.{,} Chem. Commun.",
year  ="1983",
issue  ="9",
pages  ="536-538",
publisher  ="The Royal Society of Chemistry",
doi  ="10.1039/C39830000536",
url  ="http://dx.doi.org/10.1039/C39830000536",
abstract  ="Efficient photogeneration of either (CO + H) simultaneously{,} or CO selectively{,} occurs on visible light irradiation of CO solutions in (HOCHCH)N-dimethylformamide containing{,} respectively{,} Ru(bipy)-Co combinations or the single component Re(bipy)(CO)X (X = Cl{,} Br) as homogeneous catalysts."}
