




@article{doi:10.1021/om00131a016,
author = {Kutal, Charles. and Weber, Michael A. and Ferraudi, Guillermo. and Geiger, David.},
title = {A mechanistic investigation of the photoinduced reduction of carbon dioxide mediated by tricarbonylbromo(2,2'-bipyridine)rhenium(I)},
journal = {Organometallics},
volume = {4},
number = {12},
pages = {2161-2166},
year = {1985},
doi = {10.1021/om00131a016},

URL = {http://pubs.acs.org/doi/abs/10.1021/om00131a016},
eprint = {http://pubs.acs.org/doi/pdf/10.1021/om00131a016}
}


