@article{Windle20122562,
title = "Advances in molecular photocatalytic and electrocatalytic \{CO2\} reduction ",
journal = "Coordination Chemistry Reviews ",
volume = "256",
number = "21â€“22",
pages = "2562 - 2570",
year = "2012",
note = "Solar Fuels- by invitation only ",
issn = "0010-8545",
doi = "http://dx.doi.org/10.1016/j.ccr.2012.03.010",
url = "http://www.sciencedirect.com/science/article/pii/S0010854512000513",
author = "Christopher D. Windle and Robin N. Perutz",
keywords = "Carbon dioxide",
keywords = "Photocatalysis",
keywords = "Electrocatalysis",
keywords = "Solar energy conversion "
}

