@article{2009CL-090527,
  title={Rhenium-catalyzed Regio- and Stereoselective Dimerization and Cyclotrimerization of Terminal Alkynes},
  author={Atsushi Kawata and Yoichiro Kuninobu and Kazuhiko Takai},
  journal={Chemistry Letters},
  volume={38},
  number={8},
  pages={836-837},
  year={2009},
  doi={10.1246/cl.2009.836}
}