%% This BibTeX bibliography file was created using BibDesk.
%% http://bibdesk.sourceforge.net/


%% Created for Philip Bulsink at 2014-07-31 11:40:58 -0400 


%% Saved with string encoding Unicode (UTF-8) 



@article{cite-key,
	Annote = {10.1038/nature08047},
	Author = {Matthews, H. Damon and Gillett, Nathan P. and Stott, Peter A. and Zickfeld, Kirsten},
	Date = {2009/06/11/print},
	Date-Added = {2014-07-31 15:40:39 +0000},
	Date-Modified = {2014-07-31 15:40:39 +0000},
	Day = {11},
	Isbn = {0028-0836},
	Journal = {Nature},
	L3 = {http://www.nature.com/nature/journal/v459/n7248/suppinfo/nature08047_S1.html},
	M3 = {10.1038/nature08047},
	Month = {06},
	Number = {7248},
	Pages = {829--832},
	Publisher = {Macmillan Publishers Limited. All rights reserved},
	Title = {The proportionality of global warming to cumulative carbon emissions},
	Ty = {JOUR},
	Url = {http://dx.doi.org/10.1038/nature08047},
	Volume = {459},
	Year = {2009},
	Bdsk-Url-1 = {http://dx.doi.org/10.1038/nature08047}}
