@article{Jain2008556,
title = "Synthesis and catalytic applications of chiral monomeric organomolybdenum(VI) and organorhenium(VII) oxides in homogeneous and heterogeneous phase ",
journal = "Coordination Chemistry Reviews ",
volume = "252",
number = "5–7",
pages = "556 - 568",
year = "2008",
note = "Chiral Catalysis ",
issn = "0010-8545",
doi = "http://dx.doi.org/10.1016/j.ccr.2007.10.018",
url = "http://www.sciencedirect.com/science/article/pii/S0010854507002524",
author = "Kavita R. Jain and Wolfgang A. Herrmann and Fritz E. Kühn",
keywords = "Chirality",
keywords = "High oxidation state",
keywords = "Homogeneous catalysis",
keywords = "Immobilisation",
keywords = "Rhenium",
keywords = "Molybdenum "
}

