




@article{doi:10.1021/ic00295a022,
author = {Juris, Alberto and Campagna, Sebastiano and Bidd, Ilesh and Lehn, Jean Marie and Ziessel, Raymond},
title = {Synthesis and photophysical and electrochemical properties of new halotricarbonyl(polypyridine)rhenium(I) complexes},
journal = {Inorganic Chemistry},
volume = {27},
number = {22},
pages = {4007-4011},
year = {1988},
doi = {10.1021/ic00295a022},

URL = {http://pubs.acs.org/doi/abs/10.1021/ic00295a022},
eprint = {http://pubs.acs.org/doi/pdf/10.1021/ic00295a022}
}


