@article{Grimme2002321,
title = "An improved method for density functional calculations of the frequency-dependent optical rotation ",
journal = "Chemical Physics Letters ",
volume = "361",
number = "3â€“4",
pages = "321 - 328",
year = "2002",
note = "",
issn = "0009-2614",
doi = "http://dx.doi.org/10.1016/S0009-2614(02)00975-2",
url = "http://www.sciencedirect.com/science/article/pii/S0009261402009752",
author = "Stefan Grimme and Filipp Furche and Reinhart Ahlrichs"
}

