




@article{doi:10.1021/j100338a079,
author = {Schwarz, H. A. and Dodson, R. W.},
title = {Reduction potentials of CO2- and the alcohol radicals},
journal = {The Journal of Physical Chemistry},
volume = {93},
number = {1},
pages = {409-414},
year = {1989},
doi = {10.1021/j100338a079},

URL = {http://pubs.acs.org/doi/abs/10.1021/j100338a079},
eprint = {http://pubs.acs.org/doi/pdf/10.1021/j100338a079}
}


