@article{Blessing:cr0478,
author = "Blessing, R. H.",
title = "{An empirical correction for absorption anisotropy}",
journal = "Acta Crystallographica Section A",
year = "1995",
volume = "51",
number = "1",
pages = "33--38",
month = "Jan",
doi = {10.1107/S0108767394005726},
url = {http://dx.doi.org/10.1107/S0108767394005726},
}
