@article{:/content/aip/journal/jcp/118/20/10.1063/1.1567253,
   author = "Sierka, Marek and Hogekamp, Annika and Ahlrichs, Reinhart",
   title = "Fast evaluation of the Coulomb potential for electron densities using multipole accelerated resolution of identity approximation",
   journal = "The Journal of Chemical Physics",
   year = "2003",
   volume = "118",
   number = "20", 
   pages = "9136-9148",
   url = "http://scitation.aip.org/content/aip/journal/jcp/118/20/10.1063/1.1567253",
   doi = "http://dx.doi.org/10.1063/1.1567253" 
}

