@article{Beer2003167,
title = "Transition metal and organometallic anion complexation agents ",
journal = "Coordination Chemistry Reviews ",
volume = "240",
number = "1â€“2",
pages = "167 - 189",
year = "2003",
note = "35 Years of Synthetic Anion Receptor Chemistry 1968-2003 ",
issn = "0010-8545",
doi = "http://dx.doi.org/10.1016/S0010-8545(02)00303-X",
url = "http://www.sciencedirect.com/science/article/pii/S001085450200303X",
author = "Paul D. Beer and Elizabeth J. Hayes",
keywords = "Anion recognition",
keywords = "Electrochemical sensors",
keywords = "Optical sensors "
}

