




@article{doi:10.1021/cr9904009,
author = {Tomasi, Jacopo and Mennucci, Benedetta and Cammi, Roberto},
title = {Quantum Mechanical Continuum Solvation Models},
journal = {Chemical Reviews},
volume = {105},
number = {8},
pages = {2999-3094},
year = {2005},
doi = {10.1021/cr9904009},

URL = {http://pubs.acs.org/doi/abs/10.1021/cr9904009},
eprint = {http://pubs.acs.org/doi/pdf/10.1021/cr9904009}
}


