@article{Sheldrick:sc5010,
author = "Sheldrick, George M.",
title = "{A short history of {\it SHELX}}",
journal = "Acta Crystallographica Section A",
year = "2008",
volume = "64",
number = "1",
pages = "112--122",
month = "Jan",
doi = {10.1107/S0108767307043930},
url = {http://dx.doi.org/10.1107/S0108767307043930},
}
