




@article{doi:10.1021/ja962321+,
author = {Adams, Richard D. and Huang, Mingsheng and Huang, Wen and Queisser, Joachim A.},
title = {Catalytic Cyclo-oligomerization of Î²-Propiothiolactone by a Dirhenium Complex. A Convenient Route to New Polythiolactone Macrocycles},
journal = {Journal of the American Chemical Society},
volume = {118},
number = {39},
pages = {9442-9443},
year = {1996},
doi = {10.1021/ja962321+},

URL = {http://pubs.acs.org/doi/abs/10.1021/ja962321%2B},
eprint = {http://pubs.acs.org/doi/pdf/10.1021/ja962321%2B}
}


