@article {ADMA:ADMA1337,
author = {Gong, Xiong and Ng, Po King and Chan, Wai Kin},
title = {Trifunctional Light-Emitting Molecules Based on Rhenium and Ruthenium Bipyridine Complexes},
journal = {Advanced Materials},
volume = {10},
number = {16},
publisher = {WILEY-VCH Verlag GmbH},
issn = {1521-4095},
url = {http://dx.doi.org/10.1002/(SICI)1521-4095(199811)10:16<1337::AID-ADMA1337>3.0.CO;2-D},
doi = {10.1002/(SICI)1521-4095(199811)10:16<1337::AID-ADMA1337>3.0.CO;2-D},
pages = {1337--1340},
year = {1998},
}
