%% This BibTeX bibliography file was created using BibDesk.
%% http://bibdesk.sourceforge.net/


%% Created for Philip Bulsink at 2014-07-31 11:48:33 -0400 


%% Saved with string encoding Unicode (UTF-8) 



@article{cite-key,
	Annote = {10.1038/nature08017},
	Author = {Meinshausen, Malte and Meinshausen, Nicolai and Hare, William and Raper, Sarah C. B. and Frieler, Katja and Knutti, Reto and Frame, David J. and Allen, Myles R.},
	Date = {2009/04/30/print},
	Date-Added = {2014-07-31 15:48:08 +0000},
	Date-Modified = {2014-07-31 15:48:08 +0000},
	Day = {30},
	Isbn = {0028-0836},
	Journal = {Nature},
	L3 = {http://www.nature.com/nature/journal/v458/n7242/suppinfo/nature08017_S1.html},
	M3 = {10.1038/nature08017},
	Month = {04},
	Number = {7242},
	Pages = {1158--1162},
	Publisher = {Macmillan Publishers Limited. All rights reserved},
	Title = {Greenhouse-gas emission targets for limiting global warming to 2{$[$}thinsp{$]$}{$[$}deg{$]$}C},
	Ty = {JOUR},
	Url = {http://dx.doi.org/10.1038/nature08017},
	Volume = {458},
	Year = {2009},
	Bdsk-Url-1 = {http://dx.doi.org/10.1038/nature08017}}
