@article{PhysRevB.37.785,
  title = {Development of the Colle-Salvetti correlation-energy formula into a functional of the electron density},
  author = {Lee, Chengteh and Yang, Weitao and Parr, Robert G.},
  journal = {Phys. Rev. B},
  volume = {37},
  issue = {2},
  pages = {785--789},
  numpages = {0},
  year = {1988},
  month = {Jan},
  publisher = {American Physical Society},
  doi = {10.1103/PhysRevB.37.785},
  url = {http://link.aps.org/doi/10.1103/PhysRevB.37.785}
}
