




@article{doi:10.1021/ic00054a022,
author = {Civitello, Edgar R. and Dragovich, Peter S. and Karpishin, Timothy B. and Novick, Sabrina G. and Bierach, Geoffrey and O'Connell, John F. and Westmoreland, T. David},
title = {Spectroscopic and crystallographic characterization of tricarbonylchloro(.sigma.2-terpyridyl)rhenium. 2D-NMR evidence for a linkage isomerization reaction},
journal = {Inorganic Chemistry},
volume = {32},
number = {2},
pages = {237-241},
year = {1993},
doi = {10.1021/ic00054a022},

URL = {http://pubs.acs.org/doi/abs/10.1021/ic00054a022},
eprint = {http://pubs.acs.org/doi/pdf/10.1021/ic00054a022}
}


