




@article{doi:10.1021/ic00330a004,
author = {Ishida, Hitoshi and Terada, Tohru and Tanaka, Koji and Tanaka, Toshio},
title = {Photochemical carbon dioxide reduction catalyzed by bis(2,2'-bipyridine)dicarbonylruthenium(2+) using triethanolamine and 1-benzyl-1,4-dihydronicotinamide as an electron donor},
journal = {Inorganic Chemistry},
volume = {29},
number = {5},
pages = {905-911},
year = {1990},
doi = {10.1021/ic00330a004},

URL = {http://pubs.acs.org/doi/abs/10.1021/ic00330a004},
eprint = {http://pubs.acs.org/doi/pdf/10.1021/ic00330a004}
}


