




@article{doi:10.1021/ja01586a019,
author = {Martin, R. Bruce and Lissfelt, Jo Ann},
title = {The 2,2',2â€³-Tripyridine System},
journal = {Journal of the American Chemical Society},
volume = {78},
number = {5},
pages = {938-940},
year = {1956},
doi = {10.1021/ja01586a019},

URL = {http://pubs.acs.org/doi/abs/10.1021/ja01586a019},
eprint = {http://pubs.acs.org/doi/pdf/10.1021/ja01586a019}
}


