




@article{doi:10.1021/ja00475a061,
author = {Giordano, Paul J. and Fredericks, Susan M. and Wrighton, Mark S. and Morse, David L.},
title = {Simultaneous multiple emissions from fac-XRe(CO)3(3-benzoylpyridine)2:n-.pi.* intraligand and charge-transfer emission at low temperature},
journal = {Journal of the American Chemical Society},
volume = {100},
number = {7},
pages = {2257-2259},
year = {1978},
doi = {10.1021/ja00475a061},

URL = {http://pubs.acs.org/doi/abs/10.1021/ja00475a061},
eprint = {http://pubs.acs.org/doi/pdf/10.1021/ja00475a061}
}


