@article{Allen:an0610,
author = "Allen, Frank H.",
title = "{The Cambridge Structural Database: a quarter of a million crystal structures and rising}",
journal = "Acta Crystallographica Section B",
year = "2002",
volume = "58",
number = "3 Part 1",
pages = "380--388",
month = "Jun",
doi = {10.1107/S0108768102003890},
url = {http://dx.doi.org/10.1107/S0108768102003890},
}
