@Article{B706657K,
author ="Amoroso, Angelo J. and Coogan, Michael P. and Dunne, Jennifer E. and Fernandez-Moreira, Vanesa and Hess, Jacob B. and Hayes, Anthony J. and Lloyd, David and Millet, Coralie and Pope, Simon J. A. and Williams, Craig",
title  ="Rhenium fac tricarbonyl bisimine complexes: biologically useful fluorochromes for cell imaging applications",
journal  ="Chem. Commun.",
year  ="2007",
issue  ="29",
pages  ="3066-3068",
publisher  ="The Royal Society of Chemistry",
doi  ="10.1039/B706657K",
url  ="http://dx.doi.org/10.1039/B706657K",
abstract  ="A series of lipophilic and hydrophilic fac tricarbonyl rhenium bisimine complexes have been prepared{,} their membrane-permeabilities explored in liposomes and their potential for application in fluorescence microscopy cell imaging demonstrated in the first application of MLCT-fluorescent rhenium complexes in cell imaging."}
