




@article{doi:10.1021/ic00082a025,
author = {Kimura, Eiichi and Wada, Senji and Shionoya, Mitsuhiko and Okazaki, Yohko},
title = {New Series of Multifunctionalized Nickel(II)-Cyclam (Cyclam = 1,4,8,11-Tetraazacyclotetradecane) Complexes. Application to the Photoreduction of Carbon Dioxide},
journal = {Inorganic Chemistry},
volume = {33},
number = {4},
pages = {770-778},
year = {1994},
doi = {10.1021/ic00082a025},

URL = {http://pubs.acs.org/doi/abs/10.1021/ic00082a025},
eprint = {http://pubs.acs.org/doi/pdf/10.1021/ic00082a025}
}


