@Article{C39840000328,
author ="Hawecker, Jeannot and Lehn, Jean-Marie and Ziessel, Raymond",
title  ="Electrocatalytic reduction of carbon dioxide mediated by Re(bipy)(CO)3Cl (bipy = 2{,}2[prime or minute]-bipyridine)",
journal  ="J. Chem. Soc.{,} Chem. Commun.",
year  ="1984",
issue  ="6",
pages  ="328-330",
publisher  ="The Royal Society of Chemistry",
doi  ="10.1039/C39840000328",
url  ="http://dx.doi.org/10.1039/C39840000328",
abstract  ="Re(bipy)(CO)Cl (bipy = 2{,}2[prime or minute]-bipyridine) is an efficient homogeneous catalyst for the selective and sustained electrochemical reduction of CO to CO at low potential."}
