




@article{doi:10.1021/ja00284a003,
author = {Beley, Marc. and Collin, Jean Paul. and Ruppert, Romain. and Sauvage, Jean Pierre.},
title = {Electrocatalytic reduction of carbon dioxide by nickel cyclam2+ in water: study of the factors affecting the efficiency and the selectivity of the process},
journal = {Journal of the American Chemical Society},
volume = {108},
number = {24},
pages = {7461-7467},
year = {1986},
doi = {10.1021/ja00284a003},

URL = {http://pubs.acs.org/doi/abs/10.1021/ja00284a003},
eprint = {http://pubs.acs.org/doi/pdf/10.1021/ja00284a003}
}


