




@article{doi:10.1021/ja00544a035,
author = {Fisher, Barbara J. and Eisenberg, Richard},
title = {Electrocatalytic reduction of carbon dioxide by using macrocycles of nickel and cobalt},
journal = {Journal of the American Chemical Society},
volume = {102},
number = {24},
pages = {7361-7363},
year = {1980},
doi = {10.1021/ja00544a035},

URL = {http://pubs.acs.org/doi/abs/10.1021/ja00544a035},
eprint = {http://pubs.acs.org/doi/pdf/10.1021/ja00544a035}
}


