




@article{doi:10.1021/ic00064a015,
author = {Fujita, Etsuko and Creutz, Carol and Sutin, Norman and Brunschwig, Bruce S.},
title = {Carbon dioxide activation by cobalt macrocycles: evidence of hydrogen bonding between bound CO2 and the macrocycle in solution},
journal = {Inorganic Chemistry},
volume = {32},
number = {12},
pages = {2657-2662},
year = {1993},
doi = {10.1021/ic00064a015},

URL = {http://pubs.acs.org/doi/abs/10.1021/ic00064a015},
eprint = {http://pubs.acs.org/doi/pdf/10.1021/ic00064a015}
}


