




@article{doi:10.1021/cr000018s,
author = {Arakawa, Hironori and Aresta, Michele and Armor, John N. and Barteau, Mark A. and Beckman, Eric J. and Bell, Alexis T. and Bercaw, John E. and Creutz, Carol and Dinjus, Eckhard and Dixon, David A. and Domen, Kazunari and DuBois, Daniel L. and Eckert, Juergen and Fujita, Etsuko and Gibson, Dorothy H. and Goddard, William A. and Goodman, D. Wayne and Keller, Jay and Kubas, Gregory J. and Kung, Harold H. and Lyons, James E. and Manzer, Leo E. and Marks, Tobin J. and Morokuma, Keiji and Nicholas, Kenneth M. and Periana, Roy and Que, Lawrence and Rostrup-Nielson, Jens and Sachtler, Wolfgang M. H. and Schmidt, Lanny D. and Sen, Ayusman and Somorjai, Gabor A. and Stair, Peter C. and Stults, B. Ray and Tumas, William},
title = {Catalysis Research of Relevance to Carbon Management:â€‰ Progress, Challenges, and Opportunities},
journal = {Chemical Reviews},
volume = {101},
number = {4},
pages = {953-996},
year = {2001},
doi = {10.1021/cr000018s},
note ={PMID: 11709862},

URL = {http://pubs.acs.org/doi/abs/10.1021/cr000018s},
eprint = {http://pubs.acs.org/doi/pdf/10.1021/cr000018s}
}


