@article{Deglmann2002511,
title = "An efficient implementation of second analytical derivatives for density functional methods ",
journal = "Chemical Physics Letters ",
volume = "362",
number = "5â€“6",
pages = "511 - 518",
year = "2002",
note = "",
issn = "0009-2614",
doi = "http://dx.doi.org/10.1016/S0009-2614(02)01084-9",
url = "http://www.sciencedirect.com/science/article/pii/S0009261402010849",
author = "Peter Deglmann and Filipp Furche and Reinhart Ahlrichs"
}

