




@article{doi:10.1021/cr400237k,
author = {Pera-Titus, Marc},
title = {Porous Inorganic Membranes for CO2 Capture: Present and Prospects},
journal = {Chemical Reviews},
volume = {114},
number = {2},
pages = {1413-1492},
year = {2014},
doi = {10.1021/cr400237k},

URL = {http://pubs.acs.org/doi/abs/10.1021/cr400237k},
eprint = {http://pubs.acs.org/doi/pdf/10.1021/cr400237k}
}


