




@article{doi:10.1021/jo00979a024,
author = {Heck, R. F. and Nolley, J. P.},
title = {Palladium-catalyzed vinylic hydrogen substitution reactions with aryl, benzyl, and styryl halides},
journal = {The Journal of Organic Chemistry},
volume = {37},
number = {14},
pages = {2320-2322},
year = {1972},
doi = {10.1021/jo00979a024},

URL = { 
        http://dx.doi.org/10.1021/jo00979a024
    
},
eprint = { 
        http://dx.doi.org/10.1021/jo00979a024
    
}

}


