@article{:/content/aip/journal/jcp/82/1/10.1063/1.448975,
   author = "Hay, P. Jeffrey and Wadt, Willard R.",
   title = "Ab initio effective core potentials for molecular calculations. Potentials for K to Au including the outermost core orbitals",
   journal = "The Journal of Chemical Physics",
   year = "1985",
   volume = "82",
   number = "1", 
   pages = "299-310",
   url = "http://scitation.aip.org/content/aip/journal/jcp/82/1/10.1063/1.448975",
   doi = "http://dx.doi.org/10.1063/1.448975" 
}

