@Article{JR9590001501,
author ="Abel, E. W. and Wilkinson, G.",
title  ="291. Carbonyl halides of manganese and some related compounds",
journal  ="J. Chem. Soc.",
year  ="1959",
issue  ="0",
pages  ="1501-1505",
publisher  ="The Royal Society of Chemistry",
doi  ="10.1039/JR9590001501",
url  ="http://dx.doi.org/10.1039/JR9590001501",
abstract  =""}
