




@article{doi:10.1021/cr940212c,
author = {Gibson, Dorothy H.},
title = {The Organometallic Chemistry of Carbon Dioxide},
journal = {Chemical Reviews},
volume = {96},
number = {6},
pages = {2063-2096},
year = {1996},
doi = {10.1021/cr940212c},

URL = {http://pubs.acs.org/doi/abs/10.1021/cr940212c},
eprint = {http://pubs.acs.org/doi/pdf/10.1021/cr940212c}
}


