@article{Takeda2010346,
title = "Development of efficient photocatalytic systems for \{CO2\} reduction using mononuclear and multinuclear metal complexes based on mechanistic studies ",
journal = "Coordination Chemistry Reviews ",
volume = "254",
number = "3â€“4",
pages = "346 - 354",
year = "2010",
note = "Inorganic Reaction Mechanisms A Tribute to Ralph Pearson on the occasion of his 90th birthday ",
issn = "0010-8545",
doi = "http://dx.doi.org/10.1016/j.ccr.2009.09.030",
url = "http://www.sciencedirect.com/science/article/pii/S0010854509002501",
author = "Hiroyuki Takeda and Osamu Ishitani",
keywords = "Photocatalyst",
keywords = "\{CO2\} reduction",
keywords = "Rhenium complex",
keywords = "Ruthenium complex",
keywords = "Supramolecule "
}

