@Article{A905277A,
author ="D. Beer, Paul and Timoshenko, Vadim and Maestri, Mauro and Passaniti, Paolo and Balzani, Vincenzo",
title  ="Anion recognition and luminescent sensing by new ruthenium(II) and rhenium(I) bipyridyl calix[4]diquinone receptors",
journal  ="Chem. Commun.",
year  ="1999",
issue  ="17",
pages  ="1755-1756",
publisher  ="The Royal Society of Chemistry",
doi  ="10.1039/A905277A",
url  ="http://dx.doi.org/10.1039/A905277A",
abstract  ="New ruthenium() and rhenium() bipyridyl calix[4]diquinone receptors have been prepared and shown to selectively bind and sense acetate anions remarkable luminescent emission intensity retrieval effects."}
