@article {ANIE:ANIE201206137,
author = {Sato, Shunsuke and Morikawa, Takeshi and Kajino, Tsutomu and Ishitani, Osamu},
title = {A Highly Efficient Mononuclear Iridium Complex Photocatalyst for CO2 Reduction under Visible Light},
journal = {Angewandte Chemie International Edition},
volume = {52},
number = {3},
publisher = {WILEY-VCH Verlag},
issn = {1521-3773},
url = {http://dx.doi.org/10.1002/anie.201206137},
doi = {10.1002/anie.201206137},
pages = {988--992},
keywords = {coordination modes, CO2 reduction, homogeneous catalysis, iridium, photocatalysis},
year = {2013},
}
