@article {EJOC:EJOC200600555,
author = {Zhao, Wen-Guo and Hua, Ruimao},
title = {Highly Regioselective Rhenium-Catalyzed Hydrosilylation of Styrenes},
journal = {European Journal of Organic Chemistry},
volume = {2006},
number = {24},
publisher = {WILEY-VCH Verlag},
issn = {1099-0690},
url = {http://dx.doi.org/10.1002/ejoc.200600555},
doi = {10.1002/ejoc.200600555},
pages = {5495--5498},
keywords = {Catalysis, Hydrosilylation, Regioselectivity, Rhenium, Styrene},
year = {2006},
abstract = {The addition reaction of silanes to styrenes is efficiently catalyzed by ReBr(CO)5 in toluene heated at 120 °C and selectively affords anti-Markovnikov adducts in good to high yields. (© Wiley-VCH Verlag GmbH & Co. KGaA, 69451 Weinheim, Germany, 2006)},
}
