@article{Schrock1986249,
title = "On the trail of metathesis catalysts ",
journal = "Journal of Organometallic Chemistry ",
volume = "300",
number = "1â€“2",
pages = "249 - 262",
year = "1986",
note = "",
issn = "0022-328X",
doi = "http://dx.doi.org/10.1016/0022-328X(86)84064-5",
url = "http://www.sciencedirect.com/science/article/pii/0022328X86840645",
author = "Richard R. Schrock"
}

