@Article{C4CC00197D,
author ="Compain, Jean-Daniel and Bourrez, Marc and Haukka, Matti and Deronzier, Alain and Chardon-Noblat, Sylvie",
title  ="Manganese carbonyl terpyridyl complexes: their synthesis{,} characterization and potential application as CO-release molecules",
journal  ="Chem. Commun.",
year  ="2014",
volume  ="50",
issue  ="19",
pages  ="2539-2542",
publisher  ="The Royal Society of Chemistry",
doi  ="10.1039/C4CC00197D",
url  ="http://dx.doi.org/10.1039/C4CC00197D",
abstract  ="MnI carbonyl terpyridyl complexes have been synthesized and characterized. The tricarbonyl derivative exhibits interesting behaviors for controlled CO-release by both thermal and photosynthetic pathways."}
