




@article{doi:10.1021/ja904360k,
author = {Kuninobu, Yoichiro and Matsuki, Takashi and Takai, Kazuhiko},
title = {Rhenium-Catalyzed Regioselective Alkylation of Phenols},
journal = {Journal of the American Chemical Society},
volume = {131},
number = {29},
pages = {9914-9915},
year = {2009},
doi = {10.1021/ja904360k},
note ={PMID: 19621953},

URL = {http://pubs.acs.org/doi/abs/10.1021/ja904360k},
eprint = {http://pubs.acs.org/doi/pdf/10.1021/ja904360k},
abstract = { Treatment of phenol derivatives with terminal alkenes in the presence of a catalytic amount of a rhenium complex, Re2(CO)10, gave monoalkylated phenol derivatives in good to excellent yields. This reaction proceeds at the ortho- or para-position of phenols regioselectively. }
}


