@article{PhysRevLett.91.146401,
  title = {Climbing the Density Functional Ladder: Nonempirical Meta\char21{}Generalized Gradient Approximation Designed for Molecules and Solids},
  author = {Tao, Jianmin and Perdew, John P. and Staroverov, Viktor N. and Scuseria, Gustavo E.},
  journal = {Phys. Rev. Lett.},
  volume = {91},
  issue = {14},
  pages = {146401},
  numpages = {4},
  year = {2003},
  month = {Sep},
  publisher = {American Physical Society},
  doi = {10.1103/PhysRevLett.91.146401},
  url = {http://link.aps.org/doi/10.1103/PhysRevLett.91.146401}
}
