




@article{doi:10.1021/ja981317q,
author = {Small, Brooke L. and Brookhart, Maurice},
title = {Iron-Based Catalysts with Exceptionally High Activities and Selectivities for Oligomerization of Ethylene to Linear Î±-Olefins},
journal = {Journal of the American Chemical Society},
volume = {120},
number = {28},
pages = {7143-7144},
year = {1998},
doi = {10.1021/ja981317q},

URL = {http://pubs.acs.org/doi/abs/10.1021/ja981317q},
eprint = {http://pubs.acs.org/doi/pdf/10.1021/ja981317q}
}


