%% This BibTeX bibliography file was created using BibDesk.
%% http://bibdesk.sourceforge.net/


%% Created for Philip Bulsink at 2014-05-08 10:07:44 -0400 


%% Saved with string encoding Unicode (UTF-8) 



@article{cite-key,
	Abstract = {Osmium complexes of the type (BH){$[$}OsX$_{4}$B{$]$}, K{$[$}OsX$_{4}$B{$]$}, {$[$}OSX$_{4}$B{$]$}$^{0}$, [OsX<sub>3</sub>pyB]<sup>0</sup>, [OsX<sub>3</sub>H<sub>2</sub>OB]<sup>0</sup>, [OspysB]<sup>+/2+</sup>, [Ospy<sub>4</sub>B]<sup>2+/3+</sup>, [OsX<sub>3</sub>py<sub>3</sub>]<sup>0</sup>, [OsX<sub>2</sub>py<sub>4</sub>]<sup>0</sup>, [OsX<sub>2</sub>acaB]<sup>0</sup>, [Osaca<sub>2</sub>B]<sup>0/+</sup>, [OsX<sub>2</sub>glyB]<sup>0</sup>, [Osgly<sub>2</sub>B]<sup>+</sup>, and [OsBen<sub>2</sub>]<sup>2+</sup> have been prepared, where B = 1,10-phenanthroline or 2,2'-bipyridine, py = pyridine, aca = acetylacetonate, gly = glycinate, en = ethylenediamine, and X = Cl or Br. They are generally inert to dissociation of their ligands and to disproportionation. The existence of the possible isomeric forms among the complexes is discussed.      },
	Author = {Buckingham, DA and Dwyer, FP and Goodwin, HA and Sargeson, AM},
	Date = {1964/01/01},
	Date-Added = {2014-05-08 14:06:56 +0000},
	Date-Modified = {2014-05-08 14:06:56 +0000},
	Journal = {Australian Journal of Chemistry},
	Journal1 = {Aust. J. Chem.},
	Month = {01},
	Number = {3},
	Pages = {315--324},
	Title = {Mono- and Bis-(2,2'-bipyridine) and (1,10-phenanthroline) chelates of ruthenium and osaium. III. Mono chelates of bivalent, tervalent, and quadrivalent osmium},
	Ty = {JOUR},
	Url = {http://www.publish.csiro.au/paper/CH9640315},
	Volume = {17},
	Year = {1964},
	Bdsk-Url-1 = {http://www.publish.csiro.au/paper/CH9640315}}
