@article {ANIEBACK:ANIE198803941,
author = {Herrmann, Wolfgang A. and Kuchler, Josef G. and Felixberger, Josef K. and Herdtweck, Eberhardt and Wagner, Werner},
title = {Methylrhenium Oxides: Synthesis from R2O7 and Catalytic Activity in Olefin Metathesis},
journal = {Angewandte Chemie International Edition in English},
volume = {27},
number = {3},
publisher = {Hüthig & Wepf Verlag},
issn = {1521-3773},
url = {http://dx.doi.org/10.1002/anie.198803941},
doi = {10.1002/anie.198803941},
pages = {394--396},
year = {1988},
}
