%% This BibTeX bibliography file was created using BibDesk.
%% http://bibdesk.sourceforge.net/


%% Created for Philip Bulsink at 2014-07-31 14:32:05 -0400 


%% Saved with string encoding Unicode (UTF-8) 



@article{cite-key,
	Annote = {10.1038/277637a0},
	Author = {INOUE, TOORU and FUJISHIMA, AKIRA and KONISHI, SATOSHI and HONDA, KENICHI},
	Date = {1979/02/22/print},
	Date-Added = {2014-07-31 18:31:52 +0000},
	Date-Modified = {2014-07-31 18:31:52 +0000},
	Day = {22},
	Journal = {Nature},
	M3 = {10.1038/277637a0},
	Month = {02},
	Number = {5698},
	Pages = {637--638},
	Title = {Photoelectrocatalytic reduction of carbon dioxide in aqueous suspensions of semiconductor powders},
	Ty = {JOUR},
	Url = {http://dx.doi.org/10.1038/277637a0},
	Volume = {277},
	Year = {1979},
	Bdsk-Url-1 = {http://dx.doi.org/10.1038/277637a0}}
