
@article{cite-key,
	Author = {Schibli, Roger and Schubiger, AugustP.},
	Booktitle = {European Journal of Nuclear Medicine and Molecular Imaging},
	Da = {2002/11/01},
	Date-Added = {2014-04-29 14:18:35 +0000},
	Date-Modified = {2014-04-29 14:18:35 +0000},
	Doi = {10.1007/s00259-002-0900-8},
	Isbn = {1619-7070},
	J2 = {Eur J Nucl Med},
	Keywords = {Organometallic Bioorganometallic Tricarbonyl Radiopharmaceuticals Biomolecule},
	La = {English},
	Number = {11},
	Pages = {1529-1542},
	Publisher = {Springer-Verlag},
	Title = {Current use and future potential of organometallic radiopharmaceuticals},
	Ty = {JOUR},
	Url = {http://dx.doi.org/10.1007/s00259-002-0900-8},
	Volume = {29},
	Year = {2002},
	Bdsk-Url-1 = {http://dx.doi.org/10.1007/s00259-002-0900-8}}

