




@article{doi:10.1021/ja00505a016,
author = {Giordano, Paul J. and Wrighton, Mark S.},
title = {The nature of the lowest excited state in fac-tricarbonylhalobis(4-phenylpyridine)rhenium(I) and fac-tricarbonylhalobis(4,4'-bipyridine)rhenium(I): emissive organometallic complexes in fluid solution},
journal = {Journal of the American Chemical Society},
volume = {101},
number = {11},
pages = {2888-2897},
year = {1979},
doi = {10.1021/ja00505a016},

URL = {http://pubs.acs.org/doi/abs/10.1021/ja00505a016},
eprint = {http://pubs.acs.org/doi/pdf/10.1021/ja00505a016}
}


