




@article{doi:10.1021/ja00429a032,
author = {Morse, David L. and Wrighton, Mark S.},
title = {Photochemistry of metal-metal bonded complexes. 5. Cleavage of the M-M bond in (OC)5M-M(CO)3L by irradiation into a low-lying M .fwdarw. L charge-transfer band},
journal = {Journal of the American Chemical Society},
volume = {98},
number = {13},
pages = {3931-3934},
year = {1976},
doi = {10.1021/ja00429a032},

URL = {http://pubs.acs.org/doi/abs/10.1021/ja00429a032},
eprint = {http://pubs.acs.org/doi/pdf/10.1021/ja00429a032}
}


