




@article{doi:10.1021/ja00152a027,
author = {Slone, Robert V. and Yoon, Dong I. and Calhoun, Rebecca M. and Hupp, Joseph T.},
title = {Luminescent Rhenium/Palladium Square Complex Exhibiting Excited State Intramolecular Electron Transfer Reactivity and Molecular Anion Sensing Characteristics},
journal = {Journal of the American Chemical Society},
volume = {117},
number = {47},
pages = {11813-11814},
year = {1995},
doi = {10.1021/ja00152a027},

URL = {http://pubs.acs.org/doi/abs/10.1021/ja00152a027},
eprint = {http://pubs.acs.org/doi/pdf/10.1021/ja00152a027}
}


