




@article{doi:10.1021/ic00032a029,
author = {Hino, Janel K. and Della Ciana, Leopoldo and Dressick, Walter J. and Sullivan, B. Patrick},
title = {Substituent constant correlations as predictors of spectroscopic, electrochemical, and photophysical properties in ring-substituted 2,2'-bipyridine complexes of rhenium(I)},
journal = {Inorganic Chemistry},
volume = {31},
number = {6},
pages = {1072-1080},
year = {1992},
doi = {10.1021/ic00032a029},

URL = {http://pubs.acs.org/doi/abs/10.1021/ic00032a029},
eprint = {http://pubs.acs.org/doi/pdf/10.1021/ic00032a029}
}


