@article {ANIE:ANIE201103616,
author = {Bourrez, Marc and Molton, Florian and Chardon-Noblat, Sylvie and Deronzier, Alain},
title = {[Mn(bipyridyl)(CO)3Br]: An Abundant Metal Carbonyl Complex as Efficient Electrocatalyst for CO2 Reduction},
journal = {Angewandte Chemie International Edition},
volume = {50},
number = {42},
publisher = {WILEY-VCH Verlag},
issn = {1521-3773},
url = {http://dx.doi.org/10.1002/anie.201103616},
doi = {10.1002/anie.201103616},
pages = {9903--9906},
keywords = {carbon dioxide, carbonyl ligands, electrocatalysis, electrochemistry, manganese},
year = {2011},
}
