@article{doi:10.1021/cr100241u,
author = {Kuninobu, Yoichiro and Takai, Kazuhiko},
title = {Organic Reactions Catalyzed by Rhenium Carbonyl Complexes},
journal = {Chemical Reviews},
volume = {111},
number = {3},
pages = {1938-1953},
year = {2011},
doi = {10.1021/cr100241u},

URL = {http://pubs.acs.org/doi/abs/10.1021/cr100241u},
eprint = {http://pubs.acs.org/doi/pdf/10.1021/cr100241u}
}