@article{Eichkorn1995652,
title = "Auxiliary basis sets to approximate Coulomb potentials (Chem. Phys. Letters 240 (1995) 283-290) ",
journal = "Chemical Physics Letters ",
volume = "242",
number = "6",
pages = "652 - 660",
year = "1995",
note = "",
issn = "0009-2614",
doi = "http://dx.doi.org/10.1016/0009-2614(95)00838-U",
url = "http://www.sciencedirect.com/science/article/pii/000926149500838U",
author = "K Eichkorn and O Treutler and H Öhm and M Häser and R Ahlrichs"
}

