@article{19831109,
  title={PHOTOREDUCTION OF CARBON DIOXIDE TO FORMIC ACID MEDIATED BY A METHYLVIOLOGEN ELECTRON RELAY},
  author={Noboru Kitamura and Shigeo Tazuke},
  journal={Chemistry Letters},
  volume={12},
  number={7},
  pages={1109-1112},
  year={1983},
  doi={10.1246/cl.1983.1109}
}