




@article{doi:10.1021/j100229a010,
author = {Caspar, Jonathan V. and Meyer, Thomas J.},
title = {Application of the energy gap law to nonradiative, excited-state decay},
journal = {The Journal of Physical Chemistry},
volume = {87},
number = {6},
pages = {952-957},
year = {1983},
doi = {10.1021/j100229a010},

URL = {http://pubs.acs.org/doi/abs/10.1021/j100229a010},
eprint = {http://pubs.acs.org/doi/pdf/10.1021/j100229a010}
}


