




@article{doi:10.1021/ja00285a043,
author = {Maidan, Ruben. and Willner, Itamar.},
title = {Photoreduction of carbon dioxide to methane in aqueous solutions using visible light},
journal = {Journal of the American Chemical Society},
volume = {108},
number = {25},
pages = {8100-8101},
year = {1986},
doi = {10.1021/ja00285a043},

URL = {http://pubs.acs.org/doi/abs/10.1021/ja00285a043},
eprint = {http://pubs.acs.org/doi/pdf/10.1021/ja00285a043}
}


