@article{:/content/aip/journal/jcp/98/7/10.1063/1.464913,
   author = "Becke, Axel D.",
   title = "Density‚Äêfunctional thermochemistry. III. The role of exact exchange",
   journal = "The Journal of Chemical Physics",
   year = "1993",
   volume = "98",
   number = "7", 
   pages = "5648-5652",
   url = "http://scitation.aip.org/content/aip/journal/jcp/98/7/10.1063/1.464913",
   doi = "http://dx.doi.org/10.1063/1.464913" 
}

