@article{:/content/aip/journal/jcp/102/1/10.1063/1.469408,
   author = "Treutler, Oliver and Ahlrichs, Reinhart",
   title = "Efficient molecular numerical integration schemes",
   journal = "The Journal of Chemical Physics",
   year = "1995",
   volume = "102",
   number = "1", 
   pages = "346-354",
   url = "http://scitation.aip.org/content/aip/journal/jcp/102/1/10.1063/1.469408",
   doi = "http://dx.doi.org/10.1063/1.469408" 
}

