@article{:/content/aip/journal/jcp/132/15/10.1063/1.3382344,
   author = "Grimme, Stefan and Antony, Jens and Ehrlich, Stephan and Krieg, Helge",
   title = "A consistent and accurate ab initio parametrization of density functional dispersion correction (DFT-D) for the 94 elements H-Pu",
   journal = "The Journal of Chemical Physics",
   year = "2010",
   volume = "132",
   number = "15", 
   eid = 154104,
   pages = "-",
   url = "http://scitation.aip.org/content/aip/journal/jcp/132/15/10.1063/1.3382344",
   doi = "http://dx.doi.org/10.1063/1.3382344" 
}

