




@article{doi:10.1021/ja00406a048,
author = {Chisholm, M. H. and Huffman, J. C. and Rothwell, I. P. and Bradley, P. G. and Kress, N. and Woodruff, W. H.},
title = {Bis(2,2'-bipyridyl)diisopropoxymolybdenum(II). Structural and spectroscopic evidence for molybdenum-to-bipyridyl .pi.* bonding},
journal = {Journal of the American Chemical Society},
volume = {103},
number = {16},
pages = {4945-4947},
year = {1981},
doi = {10.1021/ja00406a048},

URL = {http://pubs.acs.org/doi/abs/10.1021/ja00406a048},
eprint = {http://pubs.acs.org/doi/pdf/10.1021/ja00406a048}
}


