
@misc{apex,
	Date-Added = {2014-04-29 14:20:56 +0000},
	Date-Modified = {2014-04-29 14:22:36 +0000},
	Howpublished = {Bruker AXS: Madison, WI},
	Title = {APEX Software Suite v.2010},
	Year = {2005},
	Bdsk-File-1 = {YnBsaXN0MDDUAQIDBAUGJCVYJHZlcnNpb25YJG9iamVjdHNZJGFyY2hpdmVyVCR0b3ASAAGGoKgHCBMUFRYaIVUkbnVsbNMJCgsMDxJXTlMua2V5c1pOUy5vYmplY3RzViRjbGFzc6INDoACgAOiEBGABIAFgAdccmVsYXRpdmVQYXRoWWFsaWFzRGF0YV8QTC9Vc2Vycy9wYnVsc2luay9Eb2N1bWVudHMvTWFzdGVycy90aGVzaXMvcHJvcGVyL2JpYmxpb2dyYXBoeS9wYXBlcnMvYXBleC5iaWLSFwsYGVdOUy5kYXRhTxEBugAAAAABugACAAADU1NEAAAAAAAAAAAAAAAAAAAAAAAAAAAAAAAAzZcOMkgrAAACAn2nCGFwZXguYmliAAAAAAAAAAAAAAAAAAAAAAAAAAAAAAAAAAAAAAAAAAAAAAAAAAAAAAAAAAAAAAAAAAAAAAAAAAIC1KTPhSyFAAAAAAAAAAD/////AAAJIAAAAAAAAAAAAAAAAAAAAAZwYXBlcnMAEAAIAADNl0ZyAAAAEQAIAADPhWTFAAAAAQAgAgJ9pwHR7PUB0exhAdHXWgAFBOIABQC0AAT8pQACEMcAAgBXU1NEOlVzZXJzOgBwYnVsc2luazoARG9jdW1lbnRzOgBNYXN0ZXJzOgB0aGVzaXM6AHByb3BlcjoAYmlibGlvZ3JhcGh5OgBwYXBlcnM6AGFwZXguYmliAAAOABIACABhAHAAZQB4AC4AYgBpAGIADwAIAAMAUwBTAEQAEgBLVXNlcnMvcGJ1bHNpbmsvRG9jdW1lbnRzL01hc3RlcnMvdGhlc2lzL3Byb3Blci9iaWJsaW9ncmFwaHkvcGFwZXJzL2FwZXguYmliAAATAAEvAAAVAAIAD///AACABtIbHB0eWiRjbGFzc25hbWVYJGNsYXNzZXNdTlNNdXRhYmxlRGF0YaMdHyBWTlNEYXRhWE5TT2JqZWN00hscIiNcTlNEaWN0aW9uYXJ5oiIgXxAPTlNLZXllZEFyY2hpdmVy0SYnVHJvb3SAAQAIABEAGgAjAC0AMgA3AEAARgBNAFUAYABnAGoAbABuAHEAcwB1AHcAhACOAN0A4gDqAqgCqgKvAroCwwLRAtUC3ALlAuoC9wL6AwwDDwMUAAAAAAAAAgEAAAAAAAAAKAAAAAAAAAAAAAAAAAAAAxY=}}

