
@misc{cellnow,
	Author = {G. Sheldrick},
	Date-Added = {2014-04-29 14:23:28 +0000},
	Date-Modified = {2014-04-29 14:24:09 +0000},
	Howpublished = {Bruker AXS: Madison, WI},
	Title = {Cell_Now},
	Year = {2004},
	Bdsk-File-1 = {YnBsaXN0MDDUAQIDBAUGJCVYJHZlcnNpb25YJG9iamVjdHNZJGFyY2hpdmVyVCR0b3ASAAGGoKgHCBMUFRYaIVUkbnVsbNMJCgsMDxJXTlMua2V5c1pOUy5vYmplY3RzViRjbGFzc6INDoACgAOiEBGABIAFgAdccmVsYXRpdmVQYXRoWWFsaWFzRGF0YV8QTy9Vc2Vycy9wYnVsc2luay9Eb2N1bWVudHMvTWFzdGVycy90aGVzaXMvcHJvcGVyL2JpYmxpb2dyYXBoeS9wYXBlcnMvY2VsbG5vdy5iaWLSFwsYGVdOUy5kYXRhTxEBxAAAAAABxAACAAADU1NEAAAAAAAAAAAAAAAAAAAAAAAAAAAAAAAAzZcOMkgrAAACAn2nC2NlbGxub3cuYmliAAAAAAAAAAAAAAAAAAAAAAAAAAAAAAAAAAAAAAAAAAAAAAAAAAAAAAAAAAAAAAAAAAAAAAIC1QTPhSyuAAAAAAAAAAD/////AAAJIAAAAAAAAAAAAAAAAAAAAAZwYXBlcnMAEAAIAADNl0ZyAAAAEQAIAADPhWTuAAAAAQAgAgJ9pwHR7PUB0exhAdHXWgAFBOIABQC0AAT8pQACEMcAAgBaU1NEOlVzZXJzOgBwYnVsc2luazoARG9jdW1lbnRzOgBNYXN0ZXJzOgB0aGVzaXM6AHByb3BlcjoAYmlibGlvZ3JhcGh5OgBwYXBlcnM6AGNlbGxub3cuYmliAA4AGAALAGMAZQBsAGwAbgBvAHcALgBiAGkAYgAPAAgAAwBTAFMARAASAE5Vc2Vycy9wYnVsc2luay9Eb2N1bWVudHMvTWFzdGVycy90aGVzaXMvcHJvcGVyL2JpYmxpb2dyYXBoeS9wYXBlcnMvY2VsbG5vdy5iaWIAEwABLwAAFQACAA///wAAgAbSGxwdHlokY2xhc3NuYW1lWCRjbGFzc2VzXU5TTXV0YWJsZURhdGGjHR8gVk5TRGF0YVhOU09iamVjdNIbHCIjXE5TRGljdGlvbmFyeaIiIF8QD05TS2V5ZWRBcmNoaXZlctEmJ1Ryb290gAEACAARABoAIwAtADIANwBAAEYATQBVAGAAZwBqAGwAbgBxAHMAdQB3AIQAjgDgAOUA7QK1ArcCvALHAtAC3gLiAukC8gL3AwQDBwMZAxwDIQAAAAAAAAIBAAAAAAAAACgAAAAAAAAAAAAAAAAAAAMj}}

