
@misc{chemissian,
	Author = {L. Skripnikov},
	Date-Added = {2014-04-29 14:24:24 +0000},
	Date-Modified = {2014-04-29 14:25:16 +0000},
	Howpublished = {www.chemissian.com},
	Title = {Chemissian, a computer program to analye and visualize quantum-chemical calculations},
	Year = {2013},
	Bdsk-File-1 = {YnBsaXN0MDDUAQIDBAUGJCVYJHZlcnNpb25YJG9iamVjdHNZJGFyY2hpdmVyVCR0b3ASAAGGoKgHCBMUFRYaIVUkbnVsbNMJCgsMDxJXTlMua2V5c1pOUy5vYmplY3RzViRjbGFzc6INDoACgAOiEBGABIAFgAdccmVsYXRpdmVQYXRoWWFsaWFzRGF0YV8QUi9Vc2Vycy9wYnVsc2luay9Eb2N1bWVudHMvTWFzdGVycy90aGVzaXMvcHJvcGVyL2JpYmxpb2dyYXBoeS9wYXBlcnMvY2hlbWlzc2lhbi5iaWLSFwsYGVdOUy5kYXRhTxEB0gAAAAAB0gACAAADU1NEAAAAAAAAAAAAAAAAAAAAAAAAAAAAAAAAzZcOMkgrAAACAn2nDmNoZW1pc3NpYW4uYmliAAAAAAAAAAAAAAAAAAAAAAAAAAAAAAAAAAAAAAAAAAAAAAAAAAAAAAAAAAAAAAAAAAIC1DHPhSxUAAAAAAAAAAD/////AAAJIAAAAAAAAAAAAAAAAAAAAAZwYXBlcnMAEAAIAADNl0ZyAAAAEQAIAADPhWSUAAAAAQAgAgJ9pwHR7PUB0exhAdHXWgAFBOIABQC0AAT8pQACEMcAAgBdU1NEOlVzZXJzOgBwYnVsc2luazoARG9jdW1lbnRzOgBNYXN0ZXJzOgB0aGVzaXM6AHByb3BlcjoAYmlibGlvZ3JhcGh5OgBwYXBlcnM6AGNoZW1pc3NpYW4uYmliAAAOAB4ADgBjAGgAZQBtAGkAcwBzAGkAYQBuAC4AYgBpAGIADwAIAAMAUwBTAEQAEgBRVXNlcnMvcGJ1bHNpbmsvRG9jdW1lbnRzL01hc3RlcnMvdGhlc2lzL3Byb3Blci9iaWJsaW9ncmFwaHkvcGFwZXJzL2NoZW1pc3NpYW4uYmliAAATAAEvAAAVAAIAD///AACABtIbHB0eWiRjbGFzc25hbWVYJGNsYXNzZXNdTlNNdXRhYmxlRGF0YaMdHyBWTlNEYXRhWE5TT2JqZWN00hscIiNcTlNEaWN0aW9uYXJ5oiIgXxAPTlNLZXllZEFyY2hpdmVy0SYnVHJvb3SAAQAIABEAGgAjAC0AMgA3AEAARgBNAFUAYABnAGoAbABuAHEAcwB1AHcAhACOAOMA6ADwAsYCyALNAtgC4QLvAvMC+gMDAwgDFQMYAyoDLQMyAAAAAAAAAgEAAAAAAAAAKAAAAAAAAAAAAAAAAAAAAzQ=}}

