
@misc{gaussian,
	Author = {M. J. Frisch and G. W. Trucks and H. B. Schlegel and G. E. Scuseria and M. A. Robb and J. R. Cheeseman and G. Scalmani and V. Barone and B. Mennucci and G. A. Petersson and H. Nakatsuji and M. Caricato and X. Li and H. P. Hratchian and A. F. Izmaylov and J. Bloino and G. Zheng and J. L. Sonnenberg and M. Hada and M. Ehara and K. Toyota and R. Fukuda and J. Hasegawa and M. Ishida and T. Nakajima and Y. Honda and O. Kitao and H. Nakai and T. Vreven and Montgomery, {Jr.}, J. A. and J. E. Peralta and F. Ogliaro and M. Bearpark and J. J. Heyd and E. Brothers and K. N. Kudin and V. N. Staroverov and R. Kobayashi and J. Normand and K. Raghavachari and A. Rendell and J. C. Burant and S. S. Iyengar and J. Tomasi and M. Cossi and N. Rega and J. M. Millam and M. Klene and J. E. Knox and J. B. Cross and V. Bakken and C. Adamo and J. Jaramillo and R. Gomperts and R. E. Stratmann and O. Yazyev and A. J. Austin and R. Cammi and C. Pomelli and J. W. Ochterski and R. L. Martin and K. Morokuma and V. G. Zakrzewski and G. A. Voth and P. Salvador and J. J. Dannenberg and S. Dapprich and A. D. Daniels and {\"O}. Farkas and J. B. Foresman and J. V. Ortiz and J. Cioslowski and D. J. Fox},
	Date-Added = {2014-04-29 14:24:28 +0000},
	Date-Modified = {2014-04-29 14:26:27 +0000},
	Howpublished = {Gaussian Inc. Wallingford CT 2009},
	Title = {Gaussian 09 Revision D.01},
	Bdsk-File-1 = {YnBsaXN0MDDUAQIDBAUGJCVYJHZlcnNpb25YJG9iamVjdHNZJGFyY2hpdmVyVCR0b3ASAAGGoKgHCBMUFRYaIVUkbnVsbNMJCgsMDxJXTlMua2V5c1pOUy5vYmplY3RzViRjbGFzc6INDoACgAOiEBGABIAFgAdccmVsYXRpdmVQYXRoWWFsaWFzRGF0YV8QUC9Vc2Vycy9wYnVsc2luay9Eb2N1bWVudHMvTWFzdGVycy90aGVzaXMvcHJvcGVyL2JpYmxpb2dyYXBoeS9wYXBlcnMvZ2F1c3NpYW4uYmli0hcLGBlXTlMuZGF0YU8RAcoAAAAAAcoAAgAAA1NTRAAAAAAAAAAAAAAAAAAAAAAAAAAAAAAAAM2XDjJIKwAAAgJ9pwxnYXVzc2lhbi5iaWIAAAAAAAAAAAAAAAAAAAAAAAAAAAAAAAAAAAAAAAAAAAAAAAAAAAAAAAAAAAAAAAAAAAACAtIjz4UrlwAAAAAAAAAA/////wAACSAAAAAAAAAAAAAAAAAAAAAGcGFwZXJzABAACAAAzZdGcgAAABEACAAAz4Vj1wAAAAEAIAICfacB0ez1AdHsYQHR11oABQTiAAUAtAAE/KUAAhDHAAIAW1NTRDpVc2VyczoAcGJ1bHNpbms6AERvY3VtZW50czoATWFzdGVyczoAdGhlc2lzOgBwcm9wZXI6AGJpYmxpb2dyYXBoeToAcGFwZXJzOgBnYXVzc2lhbi5iaWIAAA4AGgAMAGcAYQB1AHMAcwBpAGEAbgAuAGIAaQBiAA8ACAADAFMAUwBEABIAT1VzZXJzL3BidWxzaW5rL0RvY3VtZW50cy9NYXN0ZXJzL3RoZXNpcy9wcm9wZXIvYmlibGlvZ3JhcGh5L3BhcGVycy9nYXVzc2lhbi5iaWIAABMAAS8AABUAAgAP//8AAIAG0hscHR5aJGNsYXNzbmFtZVgkY2xhc3Nlc11OU011dGFibGVEYXRhox0fIFZOU0RhdGFYTlNPYmplY3TSGxwiI1xOU0RpY3Rpb25hcnmiIiBfEA9OU0tleWVkQXJjaGl2ZXLRJidUcm9vdIABAAgAEQAaACMALQAyADcAQABGAE0AVQBgAGcAagBsAG4AcQBzAHUAdwCEAI4A4QDmAO4CvAK+AsMCzgLXAuUC6QLwAvkC/gMLAw4DIAMjAygAAAAAAAACAQAAAAAAAAAoAAAAAAAAAAAAAAAAAAADKg==}}

