@misc{TURBOMOLE, 
title = {{TURBOMOLE V6.5 2013}, a development of {University of Karlsruhe} and 
{Forschungszentrum Karlsruhe GmbH}, 1989-2007, 
{TURBOMOLE GmbH}, since 2007; available from \\ 
{\tt http://www.turbomole.com}.}} 
